<record><leader>00000cas a22000007a 4500</leader><controlfield tag="001">14353695</controlfield><controlfield tag="008">861007d18841uuutxuwr ne      0    0eng d</controlfield><datafield ind1=" " ind2=" " tag="010"><subfield code="a">sn 86089637 </subfield></datafield><datafield ind1=" " ind2=" " tag="040"><subfield code="a">PPM</subfield><subfield code="b">eng</subfield><subfield code="c">PPM</subfield><subfield code="d">CNK</subfield><subfield code="d">OCLCQ</subfield></datafield><datafield ind1=" " ind2=" " tag="042"><subfield code="a">msc</subfield></datafield><datafield ind1="0" ind2="4" tag="245"><subfield code="a">The Kerrville [eye].</subfield></datafield><datafield ind1=" " ind2=" " tag="260"><subfield code="a">Kerrville, Tex. :</subfield><subfield code="b">Robert Guthrie</subfield></datafield><datafield ind1=" " ind2=" " tag="300"><subfield code="a">v. :</subfield><subfield code="b">ill. ;</subfield><subfield code="c">61 cm.</subfield></datafield><datafield ind1=" " ind2=" " tag="310"><subfield code="a">Weekly</subfield></datafield><datafield ind1="1" ind2=" " tag="362"><subfield code="a">Began in 1884?</subfield></datafield><datafield ind1=" " ind2=" " tag="500"><subfield code="a">The "eye" in title appears as an illustration.</subfield></datafield><datafield ind1=" " ind2=" " tag="588"><subfield code="a">Description based on: 3rd year, no. 43 (Mar. 5, 1887).</subfield></datafield><datafield ind1=" " ind2=" " tag="752"><subfield code="a">United States</subfield><subfield code="b">Texas</subfield><subfield code="c">Kerr</subfield><subfield code="d">Kerrville.</subfield></datafield></record>